%% This BibTeX bibliography file was created using BibDesk.
%% http://bibdesk.sourceforge.net/


%% Created for Nikete at 2016-08-18 10:58:21 +0200 

@article{geanakoplos1982we,
  title={We can't disagree forever},
  author={Geanakoplos, John D and Polemarchakis, Heraklis M},
  journal={Journal of Economic Theory},
  volume={28},
  number={1},
  pages={192--200},
  year={1982},
  publisher={Elsevier}
}


@article{ostrovsky2012information,
  title={Information aggregation in dynamic markets with strategic traders},
  author={Ostrovsky, Michael},
  journal={Econometrica},
  volume={80},
  number={6},
  pages={2595--2647},
  year={2012},
  publisher={Wiley Online Library}
}

%% Saved with string encoding Unicode (UTF-8) 
@inproceedings{frongillo2015convergence,
  title={Convergence analysis of prediction markets via randomized subspace descent},
  author={Frongillo, Rafael and Reid, Mark D},
  booktitle={Advances in Neural Information Processing Systems},
  pages={3034--3042},
  year={2015}
}

@inproceedings{hu2014multi,
  title={Multi-period Trading Prediction Markets with Connections to Machine Learning.},
  author={Hu, Jinli and Storkey, Amos J and others},
  booktitle={ICML},
  pages={1773--1781},
  year={2014}
}

@inproceedings{frongillo2012interpreting,
  title={Interpreting prediction markets: a stochastic approach},
  author={Frongillo, Rafael M and Della Penna, Nichol{\'a}s and Reid, Mark D},
  booktitle={Advances in Neural Information Processing Systems},
  pages={3266--3274},
  year={2012}
}

@article{abernethy2013efficient,
  title={Efficient market making via convex optimization, and a connection to online learning},
  author={Abernethy, Jacob and Chen, Yiling and Vaughan, Jennifer Wortman},
  journal={ACM Transactions on Economics and Computation},
  volume={1},
  number={2},
  pages={12},
  year={2013},
  publisher={ACM}
}

@inproceedings{chen2010new,
  title={A new understanding of prediction markets via no-regret learning},
  author={Chen, Yiling and Vaughan, Jennifer Wortman},
  booktitle={Proceedings of the 11th ACM conference on Electronic commerce},
  pages={189--198},
  year={2010},
  organization={ACM}
}

@article{savage1971elicitation,
	Author = {Savage, Leonard J},
	Date-Added = {2016-08-18 08:57:06 +0000},
	Date-Modified = {2016-08-18 08:57:06 +0000},
	Journal = {Journal of the American Statistical Association},
	Number = {336},
	Pages = {783--801},
	Publisher = {Taylor \& Francis Group},
	Title = {Elicitation of personal probabilities and expectations},
	Volume = {66},
	Year = {1971}}

@article{grainger2016simple,
	Author = {Grainger, Daniel and Sun, Sizhong and Watkin-Lui, Felecia and Case, Peter},
	Journal = {The Journal of Prediction Markets},
	Number = {3},
	Pages = {41--63},
	Title = {A simple decision market model},
	Volume = {9},
	Year = {2016}}

@inproceedings{oka2014predicting,
	Author = {Oka, Masaaki and Todo, Taiki and Sakurai, Yuko and Yokoo, Makoto},
	Booktitle = {Second AAAI Conference on Human Computation and Crowdsourcing},
	Title = {Predicting Own Action: Self-Fulfilling Prophecy Induced by Proper Scoring Rules},
	Year = {2014}}

@article{berg2003prediction,
	Author = {Berg, Joyce E and Rietz, Thomas A},
	Journal = {Information systems frontiers},
	Number = {1},
	Pages = {79--93},
	Publisher = {Springer},
	Title = {Prediction markets as decision support systems},
	Volume = {5},
	Year = {2003}}

@inproceedings{chen2007bluffing,
	Author = {Chen, Yiling and Reeves, Daniel M and Pennock, David M and Hanson, Robin D and Fortnow, Lance and Gonen, Rica},
	Booktitle = {International Workshop on Web and Internet Economics},
	Organization = {Springer},
	Pages = {70--81},
	Title = {Bluffing and strategic reticence in prediction markets},
	Year = {2007}}

@article{hanson2002decision,
	Author = {Hanson, Robin},
	Journal = {Entrepreneurial Economics: Bright Ideas from the Dismal Science},
	Pages = {79--85},
	Publisher = {Oxford University Press on Demand},
	Title = {Decision markets},
	Year = {2002}}

@inproceedings{othman2010decision,
	Author = {Othman, Abraham and Sandholm, Tuomas},
	Booktitle = {Proceedings of the 9th International Conference on Autonomous Agents and Multiagent Systems: volume 1-Volume 1},
	Organization = {International Foundation for Autonomous Agents and Multiagent Systems},
	Pages = {625--632},
	Title = {Decision rules and decision markets},
	Year = {2010}}

@phdthesis{othman2012automated,
	Author = {Othman, Abraham},
	School = {Carnegie Mellon University},
	Title = {Automated market making: Theory and practice},
	Year = {2012}}

@article{rostek2012price,
	Author = {Rostek, Marzena and Weretka, Marek},
	Journal = {Econometrica},
	Number = {2},
	Pages = {687--711},
	Publisher = {Wiley Online Library},
	Title = {Price inference in small markets},
	Volume = {80},
	Year = {2012}}

@article{nash1950equilibrium,
	Author = {Nash, John F and others},
	Journal = {Proc. Nat. Acad. Sci. USA},
	Number = {1},
	Pages = {48--49},
	Title = {Equilibrium points in n-person games},
	Volume = {36},
	Year = {1950}}

@book{cesa2006prediction,
	Author = {Cesa-Bianchi, Nicolo and Lugosi, G{\'a}bor},
	Publisher = {Cambridge university press},
	Title = {Prediction, learning, and games},
	Year = {2006}}

@article{aumann1976agreeing,
	Author = {Aumann, Robert J},
	Journal = {The annals of statistics},
	Pages = {1236--1239},
	Publisher = {JSTOR},
	Title = {Agreeing to disagree},
	Year = {1976}}

@article{jian2012aggregation,
	Author = {Jian, Lian and Sami, Rahul},
	Journal = {Management Science},
	Number = {1},
	Pages = {123--140},
	Publisher = {INFORMS},
	Title = {Aggregation and manipulation in prediction markets: effects of trading mechanism and information distribution},
	Volume = {58},
	Year = {2012}}

@article{chen2014eliciting,
	Author = {Chen, Yiling and Kash, Ian A and Ruberry, Michael and Shnayder, Victor},
	Date-Added = {2016-02-14 06:08:45 +0000},
	Date-Modified = {2016-02-14 06:08:45 +0000},
	Journal = {ACM Transactions on Economics and Computation},
	Number = {2},
	Pages = {6},
	Publisher = {ACM},
	Title = {Eliciting predictions and recommendations for decision making},
	Volume = {2},
	Year = {2014}}

@inproceedings{boutilier2012eliciting,
	Author = {Boutilier, Craig},
	Booktitle = {Proceedings of the 11th International Conference on Autonomous Agents and Multiagent Systems-Volume 2},
	Date-Added = {2016-02-14 05:34:52 +0000},
	Date-Modified = {2016-02-14 05:34:52 +0000},
	Organization = {International Foundation for Autonomous Agents and Multiagent Systems},
	Pages = {737--744},
	Title = {Eliciting forecasts from self-interested experts: scoring rules for decision makers},
	Year = {2012}}

@article{cowgill2015corporate,
	Author = {Cowgill, Bo and Zitzewitz, Eric},
	Journal = {The Review of Economic Studies},
	Number = {4},
	Pages = {1309--1341},
	Publisher = {Oxford University Press},
	Title = {Corporate prediction markets: Evidence from google, ford, and firm x},
	Volume = {82},
	Year = {2015}}

@article{athey2013efficient,
	Author = {Athey, Susan and Segal, Ilya},
	Journal = {Econometrica},
	Number = {6},
	Pages = {2463--2485},
	Publisher = {Wiley Online Library},
	Title = {An efficient dynamic mechanism},
	Volume = {81},
	Year = {2013}}

@inproceedings{Toulis:2015:IED:2764468.2764525,
	Acmid = {2764525},
	Address = {New York, NY, USA},
	Author = {Toulis, Panos and Parkes, David C. and Pfeffer, Elery and Zou, James},
	Booktitle = {Proceedings of the Sixteenth ACM Conference on Economics and Computation},
	Doi = {10.1145/2764468.2764525},
	Isbn = {978-1-4503-3410-5},
	Keywords = {experimental design, hypothesis testing, incentive compatibility, strategic interference, variance stabilization, viral marketing},
	Location = {Portland, Oregon, USA},
	Numpages = {18},
	Pages = {285--302},
	Publisher = {ACM},
	Series = {EC '15},
	Title = {Incentive-Compatible Experimental Design},
	Url = {http://doi.acm.org/10.1145/2764468.2764525},
	Year = {2015},
	Bdsk-Url-1 = {http://doi.acm.org/10.1145/2764468.2764525},
	Bdsk-Url-2 = {http://dx.doi.org/10.1145/2764468.2764525}}

@inproceedings{mansour2015bayesian,
	Author = {Mansour, Yishay and Slivkins, Aleksandrs and Syrgkanis, Vasilis},
	Booktitle = {Proceedings of the Sixteenth ACM Conference on Economics and Computation},
	Organization = {ACM},
	Pages = {565--582},
	Title = {Bayesian incentive-compatible bandit exploration},
	Year = {2015}}

@article{dreber2015using,
	Author = {Dreber, Anna and Pfeiffer, Thomas and Almenberg, Johan and Isaksson, Siri and Wilson, Brad and Chen, Yiling and Nosek, Brian A and Johannesson, Magnus},
	Journal = {Proceedings of the National Academy of Sciences},
	Number = {50},
	Pages = {15343--15347},
	Publisher = {National Acad Sciences},
	Title = {Using prediction markets to estimate the reproducibility of scientific research},
	Volume = {112},
	Year = {2015}}
